@inproceedings{ABC94, 
  author = {Cremers, A. B. and Thrun, S. and Burgard, W.},
  booktitle = {Proceedings of the {IFIP} {Congress} 94}, 
  organization = {Hamburg, Germany},
  editors = {Duncan, K. and Krueger, K.},
  title = {From {AI} {Technology} {Research} to {Applications}},
  year = {1994},
  publisher = {Elsevier Science Publisher},
}
